2558 4548
578 176 584 196 '
675 215 750 303 st

180 397 243 492 'In
264 425 318 508 his¹
336 424 434 514 igitur
453 423 543 492 tibris
560 421 676 492 cicero
696 431 846 490 veterum
860 365 1164 511 philosophorum,
1178 423 1221 486 tn-

201 565 381 652 primisque
401 563 534 652 Epicuri
542 595 557 636 .·
588 563 773 632 Stoicorum
794 577 827 630 et
845 558 1160 654 Peripateticum
1175 581 1223 622 en·

205 705 428 789 suscitatque
455 704 654 773 examinavit
683 703 866 775 sententias.
908 703 1030 772 Primi
1055 717 1091 770 et
1113 703 1225 770 sennd

170 903 177 930 Ι
205 841 281 908 libri
309 841 480 930 disputatio
509 844 545 910 in
566 844 714 910 Cumano
740 841 849 934 hahita
879 853 942 909 est.
991 845 1184 931 Torquattn
1200 844 1225 908 in

209 986 318 1070 primo
338 983 421 1052 libro
440 985 575 1072 Epicuri
593 999 701 1074 partes
720 983 854 1072 suscipit
876 959 1027 1070 eiusque
1047 985 1226 1050 sententian

211 1124 365 1211 aspona
393 1125 426 1192 tn
445 1123 586 1189 munao
607 1125 691 1192 nno
711 1125 826 1192 cisen
845 1105 915 1211 ipss
935 1125 979 1191 sn
1004 1123 1149 1212 npteun
1168 1145 1226 1186 sn-

210 1260 311 1326 tentia
332 1262 505 1347 rejicienda
525 1277 621 1352 atque
646 1267 683 1332 in
706 1268 779 1358 ⁴ejus
806 1263 1005 1354 disciplinae
1028 1259 1225 1326 inconstantia

214 1399 391 1490 detegenda
417 1416 576 1472 versatur.
1182 1490 1186 1500 .

277 1539 391 1605 Tertio
412 1554 445 1606 et
466 1555 581 1630 quarto
598 1543 681 1610 libro
700 1545 787 1612 inter
807 1545 972 1640 Catonem
997 1552 1036 1606 et
1051 1537 1226 1604 Ciceronem

219 1675 391 1762 disputatio
412 1671 565 1750 liabetur:
590 1685 707 1770 inqua
728 1683 846 1750 Catoni
866 1647 1010 1761 stoicas,
1030 1677 1096 1744 sibi
1116 1671 1224 1761 pelipa-

218 1815 329 1880 teticas
348 1833 457 1906 partes
478 1821 600 1888 tribuit.
640 1824 682 1888 In
702 1833 817 1909 quarto
841 1820 925 1886 libro
947 1822 1079 1887 Cicero
1101 1788 1225 1904 appiane

193 1971 197 1976 ·
222 1951 480 2026 demonstratum
508 1961 587 2042 ivit,
619 1960 787 2026 Zenona·
815 1957 896 2023 nihil
924 1958 1122 2037 habuisse„
1142 1971 1226 2018 cura

136 2115 141 2126 ²
222 2091 383 2201 Platonis,
409 2099 593 2167 Aristotelis
624 2116 803 2181 corumque
828 2085 1073 2184 discipulorum
1102 2097 1224 2165 donnini

145 2225 150 2244 “
227 2230 415 2302 desciverit:
446 2237 570 2306 Stoicos
594 2235 703 2320 serbis
729 2237 851 2327 potius,
880 2249 911 2304 et
929 2239 1104 2307 scribendi
1123 2260 1157 2303 ac
1174 2234 1222 2298 dis·

135 2405 141 2414 .
226 2369 354 2438 serendi
376 2375 518 2456 ratione,
538 2397 637 2462 quam
655 2397 695 2441 rc
713 2375 823 2444 abhis
844 2376 1039 2462 dissentire,
1062 2390 1097 2444 et
1115 2377 1150 2444 in
1166 2373 1223 2460 plu·

131 2577 135 2592 .
227 2507 318 2574 ribus
339 2509 560 2602 philosophiae
587 2494 718 2582 moralis
738 2489 883 2603 partibas
909 2518 971 2586 sibi
992 2541 1068 2586 non
1090 2501 1223 2580 marni.

64 2623 76 2702 .'
111 2663 117 2676 ⁸
232 2643 437 2714 Accusatam.
460 2652 599 2718 instituit
631 2654 716 2719 inter
749 2655 884 2722 stoicam
921 2669 955 2722 et
995 2651 1223 2744 peripateticam

233 2781 414 2856 ‘lOCtrinam
441 2789 477 2854 in
497 2791 601 2856 tribus
621 2792 842 2883 philosophiae
861 2795 1005 2882 partibus
1027 2788 1223 2882 comparatio·

232 2945 322 2990 nem.
364 2895 488 3016 Quinto
517 2930 654 3018 deniqne
678 2927 762 3000 libro
788 2933 1067 3002 Academicorum
1096 2942 1223 2998 veterum

234 3085 272 3128 ae
293 3058 583 3154 Petipateticomm
609 3069 790 3137 doctrinam
815 3077 951 3162 exponit
976 3078 1073 3157 Piso,
1103 3073 1146 3138 in
1168 3062 1223 3150 qni-

238 3203 332 3284 dem,
352 3217 416 3288 nt,
432 3229 505 3273 eam
524 3209 587 3296 ipsi
610 3209 759 3276 Ciceroni
783 3215 1121 3312 maximelprobatam
1139 3206 1223 3274 fuisse,

239 3327 341 3408 facile·
353 3359 514 3434 appareat.
557 3344 710 3416 Ceterum
733 3370 901 3437 personae,
919 3377 999 3441 qnae
1023 3359 1057 3423 in
1079 3356 1141 3421 hoc
1159 3345 1222 3412 nno

181 3545 184 3550 .
239 3483 482 3569 colloquuntur,
509 3498 586 3553 sunt
605 3485 681 3551 hae:
722 3487 876 3558 M..Tnll.
898 3493 1028 3590 Cicero,
1056 3495 1124 3578 ejus
1144 3485 1224 3551 finiet

242 3617 403 3706 Quintus,
432 3635 464 3688 et
492 3625 628 3705 Lucius,
656 3623 857 3724 Antiochus,
894 3620 1092 3722 Pomponius
1114 3621 1227 3695 Antan

242 3771 276 3824 et
293 3759 381 3846 Piso,
403 3763 541 3858 Athenis
563 3763 683 3831 scilicet
709 3766 744 3832 in
765 3765 948 3834 Academia.
