2558 4548
638 235 692 310 18

170 432 216 498 αἱ
243 432 327 498 lianc
364 430 568 518 potissimum
603 427 847 518 philosophandi
876 431 1051 509 rationem,
1088 451 1172 515 qnae

174 566 260 634 nihil
279 566 356 632 certi
378 567 504 648 statuit,
525 563 581 630 sed
604 564 645 630 de
664 566 814 631 omnibns
837 565 975 646 dubitat,
1005 563 1175 652 pellexisse

176 704 314 773 ridetur.
354 705 496 770 Mrdtum
532 705 628 770 etiam
654 702 704 806 ads
723 702 808 768 banc
833 701 1069 791 philosophiam
1089 703 1177 768 inter
1219 726 1225 739 ·

177 841 342 910 Romanos
371 839 592 906 celebrandam
626 839 760 938 contulit
787 839 917 908 Philoe
942 842 1085 921 Larissa,
1120 843 1178 927 qui

177 983 261 1052 hello
287 979 525 1056 mithridatico,
544 997 646 1062 quum
668 977 803 1044 Graecia
832 992 865 1045 et
883 982 1032 1048 Athenae
1058 981 1179 1046 misere

182 1119 412 1207 diriperentur,
439 1117 578 1184 Romam
596 1114 696 1204 fugit,
716 1115 773 1184 nbi
792 1127 826 1182 et
845 1117 911 1184 aliis
930 1089 1103 1182 illustribus
1123 1119 1181 1182 vi-

183 1255 248 1336 ris,
278 1265 310 1320 et
330 1275 409 1318 vero
432 1256 527 1322 etiam
556 1255 721 1336 Ciceroni,
749 1254 861 1340 juveni
885 1253 1004 1332 adbuc,
1032 1253 1182 1340 pbiloso-

185 1391 296 1478 phiam
323 1389 466 1472 tradidit,
495 1403 526 1458 et
551 1392 726 1458 admirabili
751 1391 928 1476 eloquentia
954 1391 1181 1488 sapientiaque,

187 1549 263 1594 cum
290 1534 420 1592 mo‘rnm
450 1527 601 1612 elegantia
628 1527 812 1610 conjuncta,
846 1527 964 1592 niultos
991 1541 1102 1594 nactus
1132 1543 1184 1597 est

131 1647 137 1654 ⁸
185 1661 423 1748 ¹admiratores'
454 1661 510 1729 Ad
535 1686 699 1730 summum
718 1675 827 1732 tamen
852 1665 1183 1754 auctoritatissplen-
1238 1736 1243 1745 ,

191 1800 340 1887 donisque
359 1798 519 1886 fastigium
540 1797 623 1866 hauc
639 1801 874 1890 philosophiam
890 1804 1000 1868 evexit
1014 1802 1184 1889 ingenium
1246 1815 1247 1818 ’

193 1949 287 2022 atque
317 1937 458 2004 studium
489 1937 540 2004 M.
563 1939 662 2006 Tullii
695 1938 873 2028 Ciceronis,
917 1945 1005 2029 cujus
1038 1945 1185 2032 philoso-

183 2071 317 2162 phandi
334 2072 544 2158 ratisquum
563 2087 628 2142 tota
647 2078 724 2142 haec
740 2077 908 2165 disputatio
929 2081 968 2147 de
982 2103 1020 2146 eo
1040 2081 1186 2150 instituta
1247 2074 1248 2081 ἵ

75 2225 77 2230 ·
149 2191 155 2212 ’
196 2212 254 2293 sit,
273 2211 357 2279 inira
376 2211 503 2278 uberius
525 2213 714 2304 exponenda
732 2217 802 2288 erit.

325 2488 440 2578 vni.
487 2495 549 2562 nn
590 2495 757 2564 sro1on
797 2441 1066 2570 niscnmnn.
1151 2547 1160 2556 ·

135 2719 139 2726 ἡ
263 2629 401 2694 Stoicam
431 2633 625 2721 disciplinam
645 2637 783 2702 Romani
789 2683 799 2717 ,
830 2640 885 2724 qui
910 2643 1075 2728 pristinam
1101 2644 1190 2712 illam

76 2863 80 2870 Ι
204 2785 332 2850 morum
360 2743 576 2864 severitatem,
605 2778 794 2862 gravitatem
821 2789 914 2861 atque
939 2779 1057 2867 ingenii
1083 2778 1192 2848 altitu-

203 2898 311 2990 dinem
330 2902 483 2994 retinere,
514 2922 545 2974 et
563 2914 800 3006 rempublicam
820 2919 979 3004 praeclare
1006 2931 1038 2984 et
1058 2919 1193 2983 honeste

205 3057 315 3122 gerere
343 3037 525 3124 studebant,
562 3052 697 3118 mirifico
723 3057 859 3142 quodam
888 3076 997 3120 amore
1027 3054 1193 3139 studioque

88 3274 91 3278 p
206 3171 346 3282 amplexi
363 3189 469 3258 sunt„
486 3183 627 3255 Mascula
648 3195 698 3259 vis
720 3193 814 3280 hujus
834 3174 1050 3281 philosophiae
1067 3193 1193 3279 magni·
1236 3275 1239 3286 1

206 3291 393 3394 licentiaque
413 3315 533 3386 ethicae
553 3329 810 3420 stoicaefegregie
836 3354 910 3398 oum
929 3351 1045 3416 magno
1070 3312 1195 3396 Roma·

205 3469 323 3513 norum
343 3451 469 3520 illorum
491 3459 617 3546 ingenio
643 3478 736 3553 atque
761 3469 868 3534 indole
894 3466 1108 3554 conspirabat,
1139 3487 1195 3530 eo-

206 3606 343 3670 rumque
363 3591 483 3658 animos
505 3598 544 3662 ad
563 3605 791 3691 rempublicam
814 3603 1034 3690 capessendam
1058 3625 1196 3692 pr-aepa
1270 3625 1271 3632 ¹

207 3719 305 3786 rabat.
355 3726 442 3792 Hinc
461 3733 596 3820 lactum,
623 3755 659 3806 ut
678 3741 824 3854 inprimis
846 3743 966 3828 multi
956 3745 1033 3827 Jnris
1061 3747 1194 3810 consulti

204 3855 288 3923 hanc
317 3861 512 3952 disciplinam
545 3881 701 3965 colerent,
743 3891 773 3945 et
803 3877 1084 3967 jurisprudentiam
1122 3905 1196 3950 cum
