2558 4548
549 241 605 328 4'9

71 419 213 518 hominis
235 443 364 534 repetiit
386 429 518 517 natura:
550 455 622 513 tum
644 405 871 517 consideravit
886 454 988 544 leges,
1009 463 1083 549 qui.¹
1132 436 1135 443 ¹

6 547 8 550 -
6 577 129 700 Jbus
157 585 303 654 civitates
328 583 398 688 regi
424 583 579 652 debeant.
615 611 680 674 quo
704 588 808 670 facto,
836 588 914 658 haec
931 607 1083 674 tractavit
1161 641 1166 654 ν

6 703 11 814 J
70 733 150 817 quae
177 727 355 851 composita
382 734 475 792 erant
508 733 542 792 et
573 711 776 816 descripta
764 749 837 813 Jura
864 735 1020 817 quaedam
1048 753 1081 808 et

6 841 13 902 }.
69 869 152 956 jussit
170 837 431 957 populorum,
420 885 456 931 nr
486 863 601 950 quibus
620 867 748 932 romani
767 873 941 961 praecipue
968 883 1107 982 populi¹

70 1009 140 1094 jura
158 1003 405 1094 interpretanda
426 1023 604 1091 eorumque
624 1006 843 1094 prudentiam
850 999 1079 1103 exponendam
1113 975 1148 1098 J,
1269 1021 1272 1064 ¹

13 1099 20 1122 J
68 1147 128 1216 sibi
148 1149 266 1214 sumut
283 1141 317 1231 ⁵)
356 1140 412 1207 Ad
442 1125 591 1231 teinpus,
608 1165 684 1240 ano
711 1143 745 1211 hi
771 1131 845 1216 libri
874 1174 894 1218 a
919 1156 1078 1229 Cicerone
1143 1237 1147 1244 ,
1264 1201 1272 1212 ·

6 1319 8 1372 i
70 1286 242 1376 conscripti
262 1277 449 1371 slnt,=quo‹l
471 1283 601 1362 attinet,
621 1282 644 1348 ii
665 1283 841 1352 inaurium
861 1290 972 1363 DCCI
994 1321 1027 1366 u.
1040 1325 1077 1386 c,

6 1389 8 1396 J
68 1405 108 1492 in
120 1425 189 1493 LV
205 1423 374 1492 Ciceronis
395 1427 505 1492 aetatis
523 1422 666 1490 incidere
685 1421 857 1509 videntur,
876 1433 951 1518 p'ost
972 1435 1076 1506 Clodii

6 1511 9 1582 J
6 1565 164 1730 Jigitur
182 1563 354 1656 interitum
372 1573 406 1630 et
422 1563 553 1652 quidem
568 1573 644 1628 ante
663 1559 783 1629 bellurn
797 1567 908 1653 civile,
928 1573 1076 1648 DCCIV

14 1711 176 1792 ortum
191 1701 235 1790 ⁶).
275 1691 480 1784 Turnebus,
476 1699 558 1767 bos
583 1701 682 1768 libros
711 1701 820 1768 statim
848 1681 977 1794 quidem¹
1000 1731 1077 1804 post

6 1900 21 1978 J
6 1825 137 1910 illos
158 1843 198 1908 de
211 1841 389 1944 Republica
408 1844 554 1931 scriptos,
570 1845 627 1908 sed
643 1856 719 1932 post
735 1845 880 1912 Caesaris
895 1848 1028 1919 demum
1041 1855 1075 1942 τ)

6 1948 19 2022 J

6 2031 11 2128 J

6 2116 149 2199 Jhuc,
178 2099 348 2203 judicavit·
386 2127 484 2204 quare
514 2144 570 2219 eos
599 2123 827 2190 Cicer'onem
818 2147 853 2220 nr
878 2127 969 2193 initio
1001 2129 1076 2198 libri

68 1991 210 2045 mortem
232 1981 409 2069 publicatos
438 2001 526 2064 esse,
563 1995 596 2048 ct
623 1983 753 2070 quidem
782 1983 988 2072 imperfectos
1016 1992 1077 2057 ad-

28 2294 31 2318 ι
67 2254 195 2351 secundi
225 2253 267 2322 de
295 2255 523 2342 Divinatione,
549 2260 606 2326 ubi
627 2263 787 2350 eleganter
818 2263 894 2330 sane
921 2289 979 2332 aua
1005 2269 1074 2358 ipse

8 2384 11 2392 ’
38 2405 39 2409 ’
70 2393 183 2482 scripta
212 2394 436 2484 philosophica
466 2411 651 2486 percenset,
678 2421 746 2465 non
777 2421 982 2472 memorasse.
1025 2411 1074 2479 Hi
1159 2428 1174 2510 J'

71 2535 154 2601 enim
174 2535 251 2604 libri
277 2503 475 2623 quamquam
495 2539 729 2604 sententiarum
741 2543 919 2627 gravitate,
939 2555 972 2611 et
993 2569 1075 2616 vera

14 2657 18 2662 ¹
70 2677 224 2741 sermonis
244 2675 402 2742 suavitate
432 2674 559 2762 egregie
579 2697 648 2739 sese
672 2679 917 2762 commendant,
937 2693 970 2746 et
989 2678 1074 2752 ima-
1124 2683 1126 2688 ’

70 2811 173 2898 ginem
202 2814 295 2901 quasi
314 2790 476 2900 quandam
505 2814 671 2882 Ciceronis
690 2815 811 2905 ingenii
841 2816 1002 2906 animique
1020 2823 1074 2895 lu-,

7 3085 9 3138 1
84 3069 114 3140 5)
130 3071 186 3129 Cic.
211 3071 248 3128 de
272 3073 358 3146 Logg.
378 3075 401 3129 1.
427 3090 452 3129 o.
466 3075 494 3136 5.
516 3068 574 3126 ιιΙιί
601 3075 628 3126 ν.
645 3069 802 3131 Turnebtu.
828 3074 872 3132 Cf.
897 3077 1016 3152 Argum.
1040 3087 1072 3139 in

135 3171 201 3226 edit.
223 3172 334 3230 Erunt.

85 3265 116 3338 6)
132 3271 167 3326 V.
176 3270 273 3332 liothii
286 3267 401 3340 praelat.
422 3284 449 3336 p.
458 3267 537 3336 qu.
551 3277 580 3320 et
596 3265 747 3322 Goerenzii
763 3249 874 3324 atnoe·
889 3289 916 3342 p.
925 3275 1024 3332 XVlll
1031 3294 1073 3348 sq.

7 3361 9 3398 J
135 3369 342 3435 Hiilremanno,
358 3370 396 3424 V.
408 3367 454 3434 C·,
469 3371 516 3420 in:
547 3364 706 3436 Einleitung
722 3385 746 3422 z.
762 3367 788 3422 d.
809 3370 936 3422 Cesetzen
955 3371 1000 3440 (ies
1018 3373 1072 3430 Cic.

7 3421 27 3530 J,
137 3482 167 3535 p.
180 3474 224 3530 ιο.
239 3477 268 3522 et
283 3469 315 3522 in
333 3465 416 3522 Anni·
433 3481 461 3534 p·
474 3469 536 3524 314.
555 3461 591 3516 ob
608 3463 694 3534 legg.
710 3466 737 3532 1,
753 3471 797 3526 20.
814 3469 875 3518 init·
893 3467 1022 3522 videntur
1038 3467 1073 3523 hi

7 3533 9 3564 ,
137 3560 203 3616 libri
224 3563 304 3620 brevi
328 3576 391 3620 ente
412 3562 501 3618 libror
524 3561 560 3614 de
583 3561 614 3616 F·
630 3560 662 3617 Β.
680 3572 708 3615 et
725 3561 766 3617 M.
792 3550 958 3636 conscribti3
985 3583 1073 3639 quum

142 3662 202 3725 ipse
225 3659 282 3718 Cio.
298 3663 385 3734 Legg·
405 3664 427 3722 Ι.
441 3669 485 3724 19.
510 3665 542 3715 in
559 3672 753 3730 argumentum
780 3663 808 3714 V
824 3659 889 3714 libri
916 3662 1001 3722 Tuto.
1017 3662 1073 3736 Qu.

140 3749 279 3814 transierit
286 3783 297 3827 ,·
310 3777 377 3832 quas
394 3760 513 3820 fortasse
531 3762 625 3830 paullo
642 3772 705 3814 ante
722 3763 872 3830 scripserit.
949 3817 954 3823 ,

90 3849 121 3920 7)
137 3855 224 3905 irnmo
249 3861 330 3912 etiam
360 3871 423 3930 poet
458 3859 601 3914 Ciceronis
628 3870 754 3932 nortem.
797 3861 830 3911 111
858 3859 931 3913 hanc
960 3875 1075 3929 quoque

140 3927 300 4012 centenitam
308 3957 433 4016 ducesut
449 3955 486 4016 V·
497 3954 556 4012 coi.
565 3954 702 4043 §oerenn
711 3960 741 4014 in
752 3955 1075 4026 lutrod.loud.p.XV11.

794 4070 1033 4176 ,4-
