2558 4548
72 3893 78 3926 l

624 197 680 274 40

156 410 189 462 ct
205 397 239 462 in
259 397 325 478 ejus
345 393 511 490 utilitatem
530 385 640 460 omncs
662 407 694 460 et
714 395 841 508 ingenii
853 395 1041 481 etcorporis
1062 397 1167 516 vires.

144 529 322 612 cortferre,
361 533 446 619 apud
478 533 621 598 animum
661 556 755 598 sumn
794 536 964 603 consumit.
1028 499 1150 622 ltaque,

160 693 257 756 quum
280 677 394 740 caussis
417 675 579 754 dicundis‚
603 683 658 764 pat
659 673 784 764 socialis
803 674 975 766 obeundis,
1004 677 1151 756 muneri-

95 850 100 854 ·
159 808 218 872 bus
246 811 500 880 administrandis
537 817 577 882 de
610 817 731 908 civibus
760 817 877 886 mereri
903 816 1152 900 concupisceret,

163 945 253 1016 brevi
275 960 418 1038 tempore
437 954 477 1018 ad
497 976 637 1022 summas
659 955 928 1038 amplissimamque
948 965 1078 1018 evectus
1103 963 1152 1016 est

151 1087 297 1182 ¹civitatis
316 1092 489 1178 dignitates.
532 1093 593 1157 Sed
616 1091 734 1156 multae
756 1093 785 1158 ei
803 1094 838 1162 in
859 1092 917 1156 hac
938 1091 1072 1157 civitatis
1092 1085 1153 1152 ad-

161 1227 391 1326 ministratione
412 1257 596 1316 aerumnae,
625 1247 719 1320 atque
746 1235 852 1320 ipsum
874 1230 1005 1318 cattum
1034 1246 1156 1311 ΡθῑῬθ·

163 1365 307 1434 tiendum
327 1385 403 1437 erat.
443 1375 497 1439 Ex
520 1375 612 1440 exilio
634 1362 783 1459 quidem,
798 1374 832 1437 in
852 1374 942 1456 cujus
964 1362 1178 1454 perferenda,
1229 1347 1233 1354 ¹

161 1505 289 1586 miseria
315 1511 458 1580 animum
483 1513 621 1580 fractum
648 1527 681 1578 et
710 1513 862 1578 afflictum
890 1505 1045 1596 prodidit,
1071 1499 1156 1566 ami-

164 1662 275 1706 corum
296 1649 481 1714 auctoritate
500 1665 531 1716 et
551 1653 693 1717 unanimi
712 1652 830 1738 populi
845 1668 1002 1739 consensu
1015 1643 1156 1710 Romam

101 1787 103 1792 '
163 1798 346 1867 revocatus,
380 1790 523 1874 pluribus
554 1791 658 1854 denuo
686 1787 871 1852 muneribus
907 1781 1040 1870 publicis
1073 1800 1156 1870 Pet·

24 1999 25 2006 ἵ
104 1927 110 1946 ‘
163 1921 291 1986 sanctus
312 1937 367 1988 est.
418 1925 479 1988 Sed
500 1949 580 2000 mox
600 1929 717 1994 bellum
738 1928 846 2005 civile,
880 1927 963 1990 inter
986 1921 1158 1986 Caesarem
1216 1983 1218 1990 .

100 2073 102 2078 ’
165 2075 197 2126 et
214 2063 406 2151 Pompejum
426 2076 567 2150 gestum,
600 2067 734 2147 exarsit,
764 2078 795 2130 et
824 2063 1002 2140 Cideronis,
1033 2059 1156 2145 patriae

163 2202 385 2281 amantissimi,
424 2203 573 2268 animum
597 2191 890 2292 gravitersafflixit·
912 2201 1064 2290 ‘Atque'
1082 2195 1156 2260 ”hoc

67 2396 69 2404 s
165 2340 293 2424 quidem
322 2357 483 2427 tempore,
523 2367 585 2431 quo
619 2346 795 2432 respublica
822 2346 941 2409 misere
966 2335 1158 2413 vexabat-ur,

163 2479 283 2564 patriae
304 2482 511 2565 calamitatem
540 2485 753 2548 collacrimans
773 2481 956 2566 prospexit,
990 2491 1084 2562 alque
1099 2475 1156 2561 ,115³

164 2619 357 2708 gravissimis
381 2621 514 2686 civitatis
540 2631 572 2682 et
593 2639 671 2683 vero
698 2619 917 2687 dilectissimae,
931 2614 1011 2680 filiae
1031 2615 1173 2683 Tulliae

81 2745 102 2820 s'
167 2752 287 2819 casibus
310 2757 345 2820 iu
373 2757 621 2844 philosophiam,
648 2765 800 2839 tanquam
820 2755 856 2818 in
877 2765 1023 2838 portum,
1050 2771 1154 2836 equo
1217 2751 1222 2766 '

166 2879 234 2956 erat
262 2915 419 2978 egressus,
461 2917 575 2980 magna
607 2894 739 2976 jactatus
773 2901 962 2974 tempestate
995 2889 1153 2974 confugite

93 3068 96 3090 .
165 3053 226 3116 qua
246 3032 310 3095 suis
332 3028 538 3096 acerbissimis
567 3018 744 3109 dolonibus,
771 3029 931 3118 variisque
956 3038 988 3090 et
1015 3027 1157 3112 undique
1215 3032 1221 3038 ’

165 3169 364 3250 circumfusis
398 3171 548 3234 molestiis
580 3172 672 3236 aliam
704 3171 824 3233 nullam
857 3169 1011 3253 majorem
1041 3171 1163 3236 melio-¹
1241 3191 1245 3195 ·

163 3331 296 3392 remque
314 3307 418 3393 potuit
437 3307 583 3372 invenire
603 3308 793 3372 levationem
817 3309 858 3387 ⁹).
898 3304 1044 3372 Pristinis
1061 3310 1156 3394 igitur

163 3445 291 3511 orbatus
314 3444 517 3524 muneribus,
547 3465 653 3528 quum.
668 3431 763 3524 otto}
779 3469 841 3530 quo
864 3443 1041 3524 abundabat
1048 3487 1059 3526 ,-
1085 3447 1156 3512 lan-

1271 3473 1273 3502 ι

1271 3503 1273 3516 l

1270 3519 1273 3562 l

182 3769 314 3834 9).Tuse
342 3765 1052 3837 QuVMchNDdlDrtmllw
1083 3763 1153 3820 Aca-

217 3863 623 3932 aam.ts.0tttc...n12.
1225 3853 1273 3876 ⁸

1021 3933 1035 3960 x

1006 4007 1019 4046 l
