2594 4546
697 261 769 364 as,

220 461 413 526 Ciceronem
447 457 720 548 praestantissima
749 459 889 526 Platonis
927 471 1158 542 monumenta,
1196 461 1234 528 in

218 599 335 688 quibus
355 597 465 684 divina
486 599 659 684 sapientiae
674 575 846 690 praecepta
864 579 975 666 divino
992 601 1134 688 quodam
1156 625 1235 668 ora·
1249 646 1252 655 -
1289 639 1291 666 ι

217 737 314 804 tionis
337 756 465 822 genere
484 735 596 804 tradita
621 750 711 819 sunt,
741 752 909 826 tanquam
923 741 1216 828 exemplaria,imi

217 863 316 968 tanda
336 896 404 938 non
408 876 528 942 solum
549 879 608 944 sibi
627 881 850 968 proposuisse,
869 875 988 944 verum
1008 880 1107 944 etiam
1125 899 1235 967 prope

221 1015 261 1080 ad
288 1015 350 1086 illa
366 1016 554 1098 accessisse,
590 1018 727 1089 dilucide,
749 1017 878 1083 videtur
903 1037 1069 1105 apparere.
1123 1020 1181 1086 In
1192 1038 1232 1084 eo

118 1185 121 1192 ·
219 1175 303 1222 voro
326 1179 454 1222 summa
473 1157 670 1241 antiquitatis
689 1157 845 1243 perfectio
865 1168 961 1242 atque
983 1155 1141 1224 absolutio
1167 1161 1234 1225 ola-

217 1295 348 1361 tissime
374 1293 624 1380 exsplendesoit,
661 1295 747 1380 quod
777 1307 844 1360 tam
875 1307 965 1360 arcto
999 1313 1233 1386 argumentum

226 1461 300 1502 cum
331 1436 485 1503 orationis
516 1433 625 1498 ,forma
659 1435 839 1516 junxerunt
872 1435 1019 1518 vinculo,
1052 1451 1089 1502 ut
1123 1450 1233 1504 totum

222 1575 384 1662 quoddam
405 1576 594 1661 pulchrum,
619 1573 769 1640 omnibus
791 1575 854 1640 suis
875 1567 1017 1640 numeris
1039 1573 1231 1657 absolutum,
1255 1631 1263 1662 ,

221 1715 297 1781 inde
320 1712 542 1781 efflotesceret.
1216 1691 1232 1722 s

223 1909 663 1934 *μ

295 2045 421 2098 oratioue
450 2029 517 2096 hoex
536 2042 607 2096 mihi
641 2041 748 2093 videtur
781 2039 979 2107 adiiciendum,
1016 2039 1091 2106 quod
1126 2039 1233 2108 duplici

228 2199 234 2216 κ
289 2143 374 2196 modo
400 2146 554 2197 orationem
584 2156 662 2202 suam
686 2144 717 2192 iu
741 2143 777 2191 iis
805 2139 931 2192 excoluit
960 2149 1043 2206 atque
1068 2146 1229 2206 samaiim

159 2223 160 2230 ἵ
261 2305 264 2312 ¹
293 2258 388 2296 severa
405 2238 479 2297 euim
504 2238 699 2310 philosophiae
716 2248 876 2306 argumenta
895 2247 922 2288 et
940 2235 1149 2305 disquisitiones
1168 2255 1230 2292 vet-

287 2315 371 2393 'sibus
399 2356 435 2392 ex
456 2342 546 2404 poetis
575 2333 757 2388 admiscendis
782 2333 952 2399 exhilarare,
976 2345 1004 2386 et
1030 2337 1167 2403 exemplis
1194 2353 1230 2388 ex

291 2439 410 2506 hietotia
435 2440 530 2504 petitis
562 2437 701 2487 illustrare
730 2409 846 2484 studuit*
863 2457 899 2472 ·-·
929 2434 962 2486 In
985 2449 1040 2500 qua
1063 2423 1229 2502 quidemse

291 2537 454 2602 Philonem,
478 2539 527 2603 qui
553 2545 581 2588 et
603 2534 674 2586 lecta
691 2542 817 2600 poemata
848 2542 876 2584 et
898 2530 963 2585 loco
980 2511 1162 2600 adjungebat,
1186 2550 1230 2585 se-

290 2647 409 2706 quutus,
432 2638 534 2686 mirum
558 2632 696 2704 delectum
722 2626 848 2680 adhibuit
873 2633 1028 2696 miramque
1057 2631 1229 2699 elegantiam.

229 2733 231 2742 “
292 2737 329 2788 V.
346 2735 430 2787 Tuae.
454 2729 563 2800 Qull,
580 2738 623 2788 11.
649 2727 698 2780 ubi
714 2727 803 2779 addit:
830 2721 1140 2794 “postquam‘adamavi
1156 2729 1229 2783 hanc

293 2836 374 2900 quasi
390 2831 506 2888 senilem
530 2829 770 2891 declamationem,
783 2825 918 2886 ¹studiose
935 2825 1062 2894 equidem
1081 2839 1144 2882 utor
1161 2846 1230 2896 pos-

290 2934 326 2982 tis
361 2932 477 2989 nostris3
509 2927 557 2980 sed
582 2925 673 2982 sicubi
698 2927 742 2980 illi
775 2905 950 2988 defecerunt,
980 2929 1050 2977 verti
1078 2929 1166 3000 multq
1192 2928 1227 2982 de

284 2999 416 3100 ¹graecis,
443 3042 478 3077 ne
502 3043 559 3095 quo
586 3037 747 3084 ornamento
762 3028 801 3115 ¹in
828 3021 883 3073 hoc
907 3038 1009 3091 genera
1032 3009 1228 3092 disputationis

244 3129 245 3134 ’
293 3137 399 3180 caneret
415 3125 499 3178 latina
518 3126 632 3176 oratio·''
667 3124 735 3175 Item
754 3126 784 3172 in
809 3121 944 3187 exesuplis
969 3136 1003 3172 ex
1022 3121 1140 3178 historia
1157 3123 1227 3178 bau.

290 3230 341 3278 stis
365 3222 509 3276 laudandis
536 3238 668 3290 maguum
692 3237 808 3272 acumen
833 3217 974 3288 probavit3
1007 3217 1121 3286 saepius
1141 3226 1229 3291 igitur

292 3328 379 3391 carpit
403 3321 604 3388 Chrysippum,
625 3336 707 3388 quem
725 3323 756 3370 in
775 3324 852 3370 omni
870 3319 987 3371 historia
1005 3323 1146 3372 curiosum
1164 3325 1228 3389 qui-

290 3424 430 3475 domasse
448 3421 530 3484 dicit,
546 3431 694 3488 propterea
714 3417 787 3486 quod
807 3433 888 3485 saepe
906 3421 937 3468 in
959 3421 1068 3484 scriptis
1087 3423 1145 3471 suis
1161 3435 1228 3486 per·

291 3521 377 3573 multa
404 3521 516 3587 quidem
540 3519 698 3586 collegerit,
729 3515 777 3567 sed
801 3519 838 3568 ita
863 3504 932 3566 tdtra
961 3517 1109 3584 quaedam,
1139 3532 1170 3573 ut
1196 3539 1228 3576 es

186 3605 191 3610 ⁵
291 3617 382 3688 fugiat
408 3631 435 3670 et
458 3615 619 3671 reiounidet
634 3617 731 3668 oratio.
755 3613 791 3666 V.
811 3614 894 3682 Tusc.
912 3595 966 3680 Qu.
980 3617 1006 3680 1,
1029 3623 1074 3677 15.
1098 3619 1193 3672 Dicin.
1208 3623 1228 3684 1,

291 3725 334 3776 20.
360 3719 393 3770 11.
410 3722 453 3776 56,
473 3721 516 3777 65.
539 3721 583 3776 70.
618 3713 659 3766 cf.
678 3713 752 3766 Bake
782 3713 814 3765 de
841 3712 992 3768 Posidonio
1022 3713 1134 3785 ejusque
1161 3721 1228 3773 reli-
1287 3783 1293 3802 Ι

290 3821 371 3884 quiis.
397 3807 423 3882 p.
439 3821 482 3874 31.
