2594 4546
472 165 805 313 ,flur

134 493 139 502 ¹
168 419 214 484 'In
235 409 375 479 seeundo
395 405 495 482 tibro,
513 403 571 488 qui
590 403 655 490 agit
677 403 716 466 de
739 399 904 472 tolerando
927 407 1036 474 dolore
1044 457 1058 490 ,.
1073 411 1186 476 multis

85 633 88 642 κ
116 629 121 642 ,
173 551 319 644 partibus
352 544 491 622 stoicos,
531 541 645 606 tacitus
682 540 822 624 tameu,'
848 515 1001 633 sequutus
1043 547 1186 614 videtum

82 689 87 716 ¹
173 696 226 761 Sic
253 712 321 777 cap.
338 683 426 752 XIII
448 701 476 742 e
496 677 679 744 Stoicorum
710 685 868 750 sententia
897 685 1006 750 multis
1033 685 1188 772 disputat,

173 846 212 900 ut
235 828 372 919 probet,
393 819 537 886 dolorem
559 841 627 882 esse
647 841 690 882 ex
710 817 951 888 rebusmediis
966 857 1008 875 -
1037 826 1080 890 In
1102 825 1187 890 libro

173 970 269 1036 tertio
294 977 327 1030 et
349 973 470 1050 quarto
486 970 610 1024 tantum
639 978 708 1066 Ιιιοιι
729 959 837 1024 omnia
859 955 1087 1030 e'Stoioorum
1106 964 1187 1028 Ion·
1234 1026 1236 1031 .

172 1109 258 1180 tibus
285 1103 442 1182 hausisse,
472 1102 508 1167 in
541 1101 650 1188 aprico
670 1099 814 1187 positum
840 1115 889 1167 est
904 1096 948 1186 ⁷).
989 1104 1066 1190 Ipse
1090 1105 1182 1170 euim

76 1247 80 1254 “
175 1248 251 1312 dieii
268 1245 317 1326 ⁸)=
349 1254 383 1308 et
412 1242 522 1330 primo
553 1241 684 1327 quidem
709 1241 891 1308 Stoicorum
919 1263 1012 1308 mora
1037 1249 1187 1332 agamus,

175 1388 230 1472 qui
264 1383 409 1449 breviter
425 1401 428 1416 ·
443 1381 642 1470 adstringere
679 1385 783 1448 solent
823 1395 1030 1469 argumenta:
1068 1383 1187 1449 deinde

176 1538 288 1594 nostro
308 1523 457 1590 instituto
473 1487 684 1608 ‘vagabunda
701 1557 743 1575 -
777 1523 824 1586 Et
846 1523 918 1586 alibi
936 1522 985 1604 ⁹)=
1016 1508 1108 1588 Haec
1137 1527 1187 1591 sic

173 1665 324 1730 dicuutur
354 1682 373 1723 a
401 1661 514 1726 Stoicis
548 1637 846 1761 oon'cluduuturt'lue
886 1661 1083 1742 contortius3
1124 1663 1183 1748 sed

172 1803 263 1886 latius
292 1799 461 1886 aliquando
485 1801 619 1867 dicenda
641 1817 717 1869 suut
748 1796 781 1868 et
813 1803 967 1904 diffirsius.
1008 1802 1185 1868 Sententiis

173 1953 285 2010 tamen
313 1941 470 2006 utendum
494 1956 540 2008 est
564 1967 683 2008 eorum
715 1944 935 2030 potissimum,
962 1941 1017 2027 qui
1037 1933 1184 2006 maxime

171 2079 266 2159 sorti,
289 2091 339 2160 et,
365 2091 403 2144 ut
429 2081 475 2144 iia
506 2082 625 2164 dicam,
653 2083 739 2148 vuiti
767 2093 897 2146 utantur
929 2081 1054 2146 ratione
1083 2093 1184 2167 atque

171 2212 347 2308 sententia}
373 2241 451 2285 uam
480 2213 697 2311 Peripatetici,
723 2221 891 2290 familiares
917 2187 1037 2304 nostri,
1064 2221 1182 2308 quibus
1281 2280 1283 2285 s

139 2426 140 2436 ,
171 2361 252 2426 nihil
271 2372 320 2425 est
339 2359 488 2444 uberius,
520 2363 600 2428 nihil
622 2363 795 2442 eruditius,
826 2361 907 2426 nihil
925 2351 1073 2448 gravium
1106 2385 1181 2426 me-

172 2504 354 2568 diocritates
385 2502 439 2566 vel
466 2502 745 2588 perturbationum
776 2507 830 2570 vel
858 2501 1050 2568 morborum
1079 2503 1180 2566 animi

119 2675 124 2692 ι
171 2642 253 2708 mihi
280 2663 348 2710 non
379 2663 456 2705 saue
471 2639 632 2726 probant.
674 2646 783 2711 Omne
805 2647 891 2711 enim
923 2643 1061 2720 malum,
1081 2641 1181 2706 etiam

169 2781 347 2864 mediocre,
369 2806 524 2871 magnum
547 2795 611 2864 est;
646 2807 705 2850 nos
727 2799 834 2850 autem
865 2785 907 2850 id'
922 2784 1064 2870 agimus,
1089 2794 1127 2847 ut
1146 2783 1186 2846 id

169 2919 205 2982 in
234 2919 378 3006 sapiente
405 2923 528 2986 nullum
555 2925 597 2988 sit
626 2925 769 2989 omnino.
789 2957 830 2974 -·
858 2925 1021 3010 Apprime
1048 2931 1181 2984 auctore

169 3076 246 3122 usus
280 3070 337 3124 est
366 3058 555 3150 Chrysippo
578 3064 626 3148 ¹):
656 3063 751 3148 'cujus
792 3075 902 3165 tamen
939 3037 1083 3150 vestigia¹
1108 3080 1179 3125 nou

183 3335 428 3410 ammae

185 3439 217 3508 8)
235 3445 284 3496 ιιι.
300 3449 328 3504 6·
358 3451 363 3458 ·

185 3537 217 3606 9)
235 3541 284 3594 liis
307 3552 391 3605 c.10.
586 3597 601 3630 s
722 3597 726 3606 Ι

101 3666 109 3674 ·’
183 3637 214 3702 1)
229 3634 308 3704 Quae
338 3643 369 3694 iu
397 3641 537 3700 librom.
565 3663 589 3701 c.
599 3652 642 3706 14·
664 3651 708 3706 243
731 3647 776 3707 28.
806 3643 903 3698 (icero
936 3643 1017 3709 dicit,
1050 3639 1178 3693 referens

149 3722 154 3730 ’
236 3741 321 3791 etiem
346 3752 373 3792 et
389 3741 573 3815 Anaxagorae
591 3747 704 3813 dictum,
720 3759 748 3801 et
772 3744 945 3814 euripideum
962 3757 1086 3796 carmen,
1104 3739 1177 3792 haee

237 3841 331 3892 omnia
349 3845 489 3896 transtulit
511 3845 717 3914 eChrysipr
741 3849 853 3898 iiotuine
870 3850 961 3895 tamen
984 3857 1041 3894 nou
1063 3837 1178 3892 addito:

236 3935 312 4003 (Ιῦοἆ
335 3953 485 4007 apparete
504 3943 601 3999 Galen·
619 3944 652 3998 de
676 3947 769 4016 dogm.
790 3945 874 4012 Hipp.
900 3953 928 3996 et
953 3942 1022 3997 Plet.
1035 3941 1084 3994 Νι
1114 3945 1178 3998 αῖ.-
