2558 4548
556 213 611 296 33

37 401 46 452 7
81 420 365 486 excellentissimis
381 413 563 504 quibusque
589 409 971 503 vi1·ruttbusfl01·e'bat³).
992 399 994 405 ¹
1012 424 1079 491 lle-

9 565 11 640 ]
88 581 160 622 cens
193 559 294 622 adhuc
319 541 480 642 piaeclare
516 577 533 618 a
568 555 741 635 majoribus
775 566 937 642 gestatam
969 581 1079 625 rernm

9 681 11 756 ἕ
87 699 240 762 memoria
271 697 438 760 virtutum
461 691 614 777 igniculos
643 715 680 754 ac
714 693 854 774 semina,
886 697 921 759 in
954 697 1079 780 juvenis

161 789 164 810 1
227 785 235 805 t

89 848 216 934 pectore
248 833 368 910 abdita,
403 827 558 907 eliciebat,
590 849 727 913 eumque
749 834 945 896 excelsarum
969 859 1079 902 rerum
1158 821 1162 832 ’

9 995 10 1058 3
82 971 269 1058 ¹cogitationi
301 961 627 1056 quastlinnuntebat.
668 940 866 1066 Litterarirm
896 983 999 1036 autem
1028 997 1082 1041 ar-
1108 949 1111 956 ⁴

9 1083 13 1196 Ι,
80 1103 228 1194 ’ίὶυτὴςυε
253 1107 394 1172 studium
422 1106 482 1169 hac
512 1117 612 1170 aetate
638 1107 760 1172 Rornae
789 1106 985 1184 efflorescere
1006 1135 1082 1176 coe·
1111 1097 1115 1106 ¹

9 1255 12 1320 ξ
86 1245 141 1328 pit.
182 1245 255 1308 lam
271 1265 351 1306 vero
371 1244 440 1329 ipse
461 1243 574 1307 Cicero
591 1263 609 1305 a
629 1254 742 1305 natura
762 1241 889 1328 ingenio
909 1248 1081 1316 instructus

9 1427 11 1482 ἐ
90 1395 283 1466 ornatusque
304 1393 372 1446 erat
401 1383 495 1466 longe
515 1379 795 1465 praestantissimo.
835 1384 908 1448 lam
925 1387 959 1452 in
978 1389 1084 1472 prima

91 1525 245 1610 pueritia,
266 1539 365 1607 quum
383 1539 433 1594 eas
454 1529 552 1598 artes,
573 1518 686 1603 quibus
708 1520 786 1584 baec
806 1533 888 1586 aetas
908 1523 947 1587 ad
967 1523 1083 1589 buma-

86 1664 216 1729 nitatem
248 1655 414 1724 informari
451 1656 545 1733 solet,
578 1656 768 1738 addisceret,
799 1659 918 1745 ingenii
950 1661 1082 1726 scintilla

9 1829 10 1860 ;
86 1823 127 1866 ex
146 1803 199 1866 illo
221 1801 264 1866 ita
285 1799 399 1878 eluxit,
422 1810 459 1861 ut
473 1811 505 1862 et
525 1801 727 1865 laetissimam
749 1799 788 1863 dc
809 1819 843 1860 se
864 1797 948 1882 apud
970 1819 1080 1860 omnes
1118 1791 1134 1843 s

86 1939 241 2002 excitaret
255 1957 370 2021 spem,
389 1947 421 1999 et
451 1935 535 2000 miro
557 1935 696 2002 discendi
724 1937 837 2002 ardore
867 1947 961 2021 atque
990 1937 1081 1998 velo-

9 2051 11 2122 Ῐ
93 2079 185 2150 ritate
226 2097 350 2140 summa
390 2095 500 2136 omnes
533 2079 678 2162 oppleret
713 2063 930 2140 admiratione
980 2074 1080 2139 Domi

40 2205 44 2213 ¹
85 2215 199 2300 patris,
232 2213 301 2297 qui,
333 2234 432 2296 quum
461 2224 542 2274 esset
570 2209 699 2278 infirma
720 2207 916 2293 valetudine,
944 2223 1079 2275 aetatem
1165 2231 1175 2250 ²

9 2407 11 2444 :
87 2352 204 2436 fere⁴)
239 2351 301 2435 egit
334 2349 370 2412 in
402 2350 529 2429 litteris,
570 2349 732 2438 disciplina
766 2365 859 2436 atque
903 2351 1078 2414 imitatione

87 2487 241 2567 eruditus,
270 2485 449 2550 adolescens
469 2487 607 2554 Romam
627 2509 662 2550 se
688 2463 834 2552 contulit:
865 2487 920 2552 ubi
944 2489 973 2552 ei
992 2487 1078 2573 opti-

88 2629 144 2692 mis
171 2621 354 2690 doctoribus
388 2627 434 2688 uti
467 2627 607 2712 contigit.
656 2627 769 2692 Postea
799 2623 926 2712 quidem
952 2625 1076 2689 luxuria
1126 2673 1160 2726 ¹,
1255 2678 1258 2686 .

88 2779 179 2852 atque
205 2764 262 2828 alia
291 2763 367 2828 vitia
390 2764 550 2846 antiquam
576 2751 704 2827 morum
727 2763 940 2827 salubritatem
964 2785 1078 2827 corrn-
1132 2786 1135 2788 ·

79 2915 222 2993 pennu
254 2912 286 2964 at
314 2899 443 2980 Cicero,
465 2901 552 2984 cujus
571 2903 676 2986 prima
698 2913 779 2964 aetas
805 2903 839 2966 in
861 2915 1009 2990 tempora·
1027 2903 1078 2966 illa

9 3041 31 3132 ’
89 3040 212 3122 incidit,
248 3038 360 3126 quibus
389 3043 541 3128 pristinus
572 3037 674 3102 adhue
695 3036 884 3122 reipublicae
907 3051 1002 3102 status
1025 3039 1079 3101 vi-

89 3182 196 3266 gebat,
219 3184 423 3266 antiqnorum
451 3179 576 3243 illorum
604 3189 788 3264 temporum
818 3177 980 3242 sanctitate
1001 3197 1102 3260 per-,

91 3339 212 3397 cussus,
244 3317 403 3402 majorum
436 3317 494 3383 sibi
532 3337 659 3402 semper
698 3335 882 3402 proponens
913 3311 1078 3398 imagines,

9 3409 26 3552 i*
91 3453 231 3534 animum
259 3469 291 3520 et
316 3466 457 3518 mentem
485 3477 576 3516 snam
604 3453 672 3538 ipsa
703 3451 887 3536 cogitatione
911 3451 1078 3550 hominnm

9 3577 13 3654 ζ

9 3789 31 3878 J
80 3847 83 3860 ,
112 3789 143 3856 3)
161 3788 204 3841 Cf.
223 3790 363 3857 wycam.
384 3791 448 3846 titt.
466 3800 525 3846 erit.
549 3794 613 3871 vot.
628 3795 654 3846 1»
668 3808 693 3862 p.
707 3799 733 3852 2.
757 3806 818 3860 pag.
831 3797 857 3850 2.
872 3821 875 3826 -
893 3824 896 3830 ·

113 3913 142 3978 l)
161 3914 245 3986 Legg·
260 3917 300 3982 Π,
316 3923 340 3974 1·
367 3915 489 3969 Middlst·
506 3917 525 3970 1.
537 3915 563 3970 o.
586 3923 613 3986 ’ρι
626 3921 652 3975 8.
