2594 4546
525 265 582 342 73

21 483 25 544 r
68 473 149 528 creta
169 459 326 542 defendit,
354 461 388 528 id
414 470 542 526 tantum
563 458 664 540 abest,
694 451 1050 551 dissidentumque,

21 641 24 686 t
69 602 254 670 Ciceronem
275 602 505 668 Academicum
529 622 612 682 esse,
636 600 872 683 contendimus,
892 579 1053 692 iniiingat,
1129 627 1131 632 ’

69 745 162 848 tnagis
194 745 289 810 etiam
322 745 483 833 conspirat
515 765 590 808 oum
618 741 885 809 Academicorum
913 747 1053 812 rationes

21 859 23 896 ἒ
71 907 145 970 quae
162 885 290 970 qnidam
311 885 346 949 in
368 905 406 947 eo
429 883 486 946 sita
513 882 590 963 fuit,
613 895 665 962 ut,
692 884 719 948 si
740 884 903 950 decretum
930 888 1054 974 aliquod

71 1025 321 1114 philosophicum
348 1025 387 1090 iis
416 1023 660 1090 examinandum
687 1025 941 1112 proponebatur,
977 1021 1056 1097 illdd

73 1167 177 1232 autad
199 1167 454 1255 probabilitatem
476 1177 569 1252 atque
591 1165 895 1234 verisimilitudinem
912 1190 1056 1257 propen-

21 1271 23 1348 Ι
72 1328 155 1387 sum,
175 1322 230 1374 aut
251 1307 291 1373 ab
310 1331 347 1371 ea
367 1309 504 1374 alienum
524 1305 584 1372 sibi
602 1307 719 1388 videri,
748 1308 897 1374 dicerent.
949 1311 1057 1398 Quam

21 1433 41 1552 i*
72 1446 195 1532 quidem
214 1451 349 1515 aliorum
367 1448 633 1535 philosophorum
654 1447 777 1514 decreta
799 1449 859 1516 sibi
879 1451 1060 1517 vindicandi

72 1587 259 1656 Academiae
285 1591 442 1656 rationein
466 1591 498 1672 3)
533 1613 631 1675 quum
656 1593 843 1678 plerumque
870 1593 907 1672 ii,
938 1579 1060 1678 quide

31 1736 36 1791 i
75 1728 234 1796 Ciceronis
267 1731 468 1820 philosophia
504 1732 715 1818 scripserant,
759 1733 842 1798 lraud
877 1734 950 1800 satis
983 1737 1061 1821 per-'-

72 1884 213 1956 spectaro
233 1879 326 1958 atque
347 1868 502 1958 cognitam
520 1871 687 1952 haberent,
706 1876 945 1960 perversissima
964 1874 1003 1939 de
1023 1897 1062 1939 eo

76 2025 187 2076 exorta
226 2025 300 2092 sunt
333 2013 445 2096 judicia
474 2016 519 2093 ⁴).
578 2014 755 2080 Enimvero
790 2016 921 2098 Cicero,
958 2018 1062 2083 omnis

78 2187 508 2206 'm

94 2295 124 2362 3)
141 2295 183 2353 ci.
197 2298 333 2354 francisc·
350 2301 417 2354 Dor.
434 2297 574 2354 Gerlachii
590 2298 768 2353 Comnrentat.
786 2297 820 2354 da
836 2279 1064 2356 Academicorum

141 2395 281 2460 juniorum
307 2397 510 2466 probabilitate,
539 2414 601 2449 curn
627 2401 810 2450 recentiorum
836 2399 1065 2467 pbilosophorum

144 2605 209 2648 rata.
233 2595 452 2662 Gotting.1805·
474 2611 536 2663 pag.
551 2600 593 2652 24.
695 2597 697 2602 “

22 2729 27 2756 ,
96 2687 125 2755 i)
141 2690 247 2745 Gurlitt
271 2693 361 2744 Gesclr.
385 2691 411 2742 d.
434 2692 505 2746 Pati.
536 2711 561 2761 p.
575 2699 636 2754 149«
662 2691 802 2774 Eberlrard
830 2689 969 2744 Genu-d.
996 2689 1069 2742 etit.

145 2805 172 2856 p·
186 2795 239 2851 193
254 2807 312 2859 sqq.
328 2817 364 2833 -
381 2793 510 2859 Inprimis
521 2789 642 2850 Maluers
660 2789 825 2858 (vernnsclrte
838 2786 906 2858 ptit.
924 2787 1069 2858 Schriften.

145 2875 214 2940 B·l.
238 2903 266 2956 p·
281 2887 353 2954 295.)
382 2891 573 2957 gravissumam
600 2889 633 2940 ‹le
662 2888 793 2942 Cicerone
826 2888 893 2941 iacit
925 2887 1068 2955 judiciuin,

147 2987 331 3051 quantillum
349 2993 440 3039 censet
468 2987 605 3039 interdum
626 2985 658 3038 ab
686 2984 808 3039 Arcesila
832 2999 859 3039 et
884 2983 1019 3040 Carneade
1035 2983 1068 3037 ad

22 2371 30 2632 'd
143 2497 193 2561 qui
218 2494 418 2564 probabilitatis
444 2513 566 2548 causamn
591 2508 767 2563 susceperunt
790 2501 930 2549 sententiis
954 2515 1065 2566 coropa-

22 2679 25 2726 l

23 2888 30 3003 l

23 3007 25 3070 l

23 3081 25 3134 l
148 3089 317 3154 antiquiores
343 3083 539 3154 philosophos,
562 3088 610 3152 qui
627 3084 660 3135 de
688 3087 809 3138 veritatis
835 3089 995 3139 inventione
1012 3101 1069 3136 nou

23 3195 25 3214 l

149 3187 230 3252 plane
248 3185 454 3254 desperaverant
471 3185 624 3244 trarrsiisse3
642 3195 722 3251 atque
746 3181 786 3250 (p.
802 3183 876 3250 too)
901 3184 1070 3233 severissime

24 3345 25 3354 ἵ
153 3295 229 3338 notat
243 3285 417 3338 desultoriam
426 3283 504 3334 illam
512 3281 664 3346 levitatem,
681 3297 733 3349 qua
749 3295 887 3348 nunquam
900 3277 952 3330 sibi
967 3277 1073 3333 similis,

23 3357 30 3460 i.
155 3381 265 3436 eosdem
283 3385 372 3446 viros,
389 3379 482 3432 eadem
500 3377 620 3445 decreta,
644 3379 751 3432 easdem
768 3377 924 3446 disciplinas
935 3359 1070 3428 'omuibus

24 3477 28 3550 f
120 3493 125 3498 ·
154 3480 237 3531 ruodo
263 3479 375 3532 laudum
404 3477 493 3530 titulis
516 3475 642 3535 ornabat,
670 3475 752 3530 nrodo
782 3487 908 3546 proterva
934 3472 1076 3526 dicacitate

154 3575 323 3640 traducebat;
340 3600 376 3617 ·-
393 3589 420 3628 et
437 3593 506 3644 quae
523 3577 576 3628 alia
593 3575 667 3628 addit
683 3579 762 3640 vitia,
779 3575 863 3627 nullis
881 3584 971 3624 tanreu
988 3573 1078 3624 allatis

157 3681 333 3742 argurucutis·
349 3703 385 3718 -
410 3676 498 3730 Multa
516 3691 625 3744 quoque
641 3675 787 3727 falsissima
805 3671 839 3724 de
856 3671 995 3724 Ciceronis
1014 3670 1076 3736 plri-
1111 3685 1112 3688 ¹

159 3775 293 3840 losoplria‘
308 3773 378 3828 iacta
402 3787 466 3830 sunt
491 3773 605 3839 iudicia,
634 3773 708 3840 quod
732 3772 812 3824 multi
835 3771 899 3824 VV·
916 3767 978 3820 iil).
1002 3763 1076 3818 haud

161 3875 223 3924 satis
239 3871 598 3940 diligenterattenderuntad
607 3871 834 3923 interlocutorum
845 3879 983 3934 personas,
992 3879 1080 3934 neque

145 3983 255 4023 -eorurn
281 3977 427 4026 sententias
451 3989 465 4024 a
490 3969 634 4024 Ciceronis
659 3969 799 4020 sententiis
826 3966 994 4035 distinguere
1014 3979 1079 4015 con-
