2558 4548
664 273 667 280 .
695 253 751 336 44
863 263 890 294 .‚

179 461 181 468 ’
230 481 329 536 tatem
359 459 545 548 complexus
573 466 637 536 est,
666 477 841 546 omnesque
868 467 1055 547 graecorum
1074 459 1216 549 philoso-

123 641 125 650 ·
229 608 371 696 phorum
414 596 591 682 disciplinas
629 601 786 685 percepit,
826 581 871 666 et¹
900 603 1051 688 cujusque
1093 601 1216 688 generis

228 745 399 830 scriptores
435 755 564 820 graecos
596 736 704 802 sedulo
734 753 767 805 et
794 740 917 806 assidue
943 739 1094 828 legendo,
1125 761 1216 805 com·

226 883 419 963 maritanda,
436 879 674 968 interpretando
692 891 786 962 atque
803 879 957 944 imitando
974 877 1142 980 subactum
1159 879 1217 946 sibi

225 1023 352 1112 paravit
384 976 544 1106 judicium.
596 1022 711 1106 Neque
736 1019 800 1084 ulla
826 1017 934 1082 aetatis
961 1028 1054 1102 parte
1085 1016 1217 1082 assiduis

225 1157 500 1227 exercitationibus
527 1169 620 1244 atque
646 1157 800 1221 acerrimo
826 1154 931 1222 studio
949 1155 1116 1242 ingenium
1137 1179 1217 1244 per-

130 1331 133 1338 ’
224 1299 320 1365 ficere
348 1309 441 1384 atque
467 1297 612 1363 excolere
641 1252 775 1358 aestiua
806 1291 924 1380 Magna
946 1295 974 1358 ei
993 1295 1142 1390 inprimis
1163 1296 1214 1358 in-

223 1455 290 1507 erat
310 1452 403 1524 atque
424 1437 545 1502 fervida
571 1433 762 1521 imaginandi
789 1433 839 1498 vis
859 1455 895 1497 ae
915 1429 1066 1502 fertilitas.
1121 1434 1214 1521 Quae

222 1581 349 1668 quidem
378 1577 549 1664 singulares
576 1570 693 1658 ingenii
723 1571 856 1636 virtutes
874 1585 1013 1638 'mature
1046 1573 1114 1656 ejus
1142 1571 1213 1636 aui-

218 1741 311 1784 mum
342 1715 380 1780 ad
410 1713 554 1778 divinum
580 1711 798 1798 philosophiae
833 1709 973 1776 studium
1000 1709 1212 1788 adduxerunt,

214 1856 308 1938 'cujus
334 1873 442 1917 amore
471 1849 556 1914 iuter
585 1871 696 1914 omnes
723 1849 900 1937 disc'plinas
926 1851 1070 1936 primum
1103 1849 1212 1934 capie-

219 1993 311 2057 batur
335 1991 379 2072 τ).
419 1989 509 2053 Haeo
536 1987 662 2073 quidem
682 1986 810 2066 scientia
835 1989 961 2052 excelso
986 1990 1052 2072 ejus
1080 1989 1210 2075 ingenio

170 2158 173 2162 ·
217 2131 536 2221 praeclarissimamm
553 2147 664 2190 rerum
687 2124 951 2210 contemplatione
970 2116 1129 2213 optimirm
1149 2151 1219 2229 pp.¹

217 2269 330 2334 bulum
353 2267 507 2356 praebuit.
545 2263 733 2330 Plutarchus
758 2264 947 2328 Ciceronem
977 2287 1014 2329 eo
1040 2265 1120 2358 dicit,
1147 2289 1209 2332 nu-

208 2420 285 2471 ·tum
308 2428 375 2469 esse
392 2406 535 2492 ingenio,
554 2378 560 2465 i
566 2409 655 2494 quale
679 2407 767 2472 Plato
789 2405 828 2469 de
846 2403 1019 2490 Republica
1042 2405 1078 2470 iu
1099 2385 1209 2490 philo-

205 2547 321 2634 ·aopho‘
344 2545 502 2641 requirit,-
523 2543 579 2608 ubi
607 2545 751 2610 Socrates
779 2545 822 2609 ita
849 2544 1024 2621 concludit:
1056 2539 1115 2612 otiu
1145 2539 1208 2616 οὖν

214 2689 270 2756 καὶ
309 2679 375 2755 τᾶν
411 2659 593 2771 φιλόσοφον
639 2683 756 2767 σοφίας
789 2675 940 2769 φήσομεν
975 2665 1226 2775 [ἐπιᾷυμητῆί

214 2826 300 2892 εἶναι
321 2817 360 2890 uti
386 2821 445 2907 τῆς
472 2822 553 2907 μίας
583 2821 641 2906 τῆς
666 2814 738 2890 d’od
767 2787 849 2888 dliii
873 2815 990 2908 πάσης.
1036 2825 1133 2891 Multi
1153 2825 1206 2890 di-

199 2933 306 3040 eunt,
335 2959 522 3022 Ciceronem
545 2957 718 3022 admirabili
742 2959 868 3044 quidem
892 2961 1010 3048 ingenii
1035 2959 1205 3028 foecundi-

209 3113 274 3168 tate
300 3100 491 3164 instructum
518 3095 635 3176 fuisse,
671 3097 725 3160 sed
753 3121 868 3186 parum
896 3099 1003 3185 judicii
1031 3100 1204 3167 subtilitate

207 3241 371 3325 polluisse,
399 3250 492 3324 atque
515 3239 593 3302 adeo
622 3239 722 3324 magis
751 3237 790 3301 ad
817 3240 1042 3324 eloquentiam,
1072 3241 1108 3306 iu
1139 3263 1202 3328 qua

205 3374 499 3468 fervidaquaedam
523 3377 712 3464 imaginandi
734 3381 784 3455 vis
804 3381 994 3466 primarium
1013 3381 1120 3465 loopm
1144 3401 1202 3444 oe·

206 3527 316 3600 cupat,
347 3537 442 3600 quam
472 3515 516 3578 sd'
545 3515 679 3618 subtiles
701 3481 919 3604 philosophiae
958 3516 1201 3602 disquisitiones,

188 3655 286 3750 'quae
305 3653 521 3728 acutissimum
543 3657 578 3720 in
597 3679 706 3722 rerum
734 3658 963 3742 notionumque
984 3676 1072 3719 nexu
1092 3653 1201 3739 inqui-

219 3940 251 4010 7)
270 3940 382 3993 Tuscul·
400 3935 453 4006 Qu.
469 3943 504 4007 t,
515 3948 541 4000 2.
563 3941 599 3995 de
616 3936 696 3996 offic.
709 3940 743 4006 11,
757 3946 781 3999 1.
801 3951 830 3993 et
853 3942 952 4007 passim
975 3934 1048 3990 alibi.
1117 3939 1134 3966 '⁴
