2558 4548
695 215 752 296 48
811 205 816 224 ’
858 257 864 278 ·

152 511 155 516 Ι
357 417 473 485 VIII.
510 413 576 480 DE
591 431 594 446 “
609 410 754 506 LIBRIS
786 415 848 511 DE
884 415 1086 480 LEGIBUS.

252 619 256 630 .
286 561 495 645 Posteaquam
527 557 639 622 Cicero
670 556 812 620 inlibris
841 555 881 620 de
902 555 1094 642 Republica,
1123 557 1226 643 quatis

38 751 41 760 i
137 695 140 700 ’
224 707 308 760 esset
327 695 468 782 optimus
496 696 687 784 reipublicae
707 705 824 774 status,
842 707 1050 782 exposuerat,
1077 695 1227 760 scriben-

85 824 87 832 ’
111 805 114 820 ⁸
203 833 305 902 »dom
324 833 420 896 etiam
448 829 510 902 sibi
527 838 652 924 putavit
672 835 712 900 de
731 832 860 918 optimis
881 833 1016 919 legibus,
1046 837 1090 900 itti
1111 836 1227 902 cirita-

226 975 267 1038 tis
298 973 424 1060 generi,
452 973 536 1059 quod
565 975 600 1038 in
626 973 685 1038 ibis
714 971 802 1036 libris
830 973 1060 1057 exquisiverat,
1085 994 1225 1056 consen7

227 1111 327 1178 taneio
350 1111 390 1193 ι).
431 1111 578 1178 Confeoit
595 1114 690 1200 igitur
710 1110 808 1178 libros
826 1111 866 1174 de
885 1110 1024 1197 legibus,
1044 1111 1098 1196 qui
1116 1122 1223 1174 tamen

228 1271 287 1313 nec
321 1271 433 1312 omnes
469 1249 507 1314 ad
539 1273 599 1314 nos
633 1259 853 1338 pervenerunt
869 1249 922 1330 ²),
958 1269 1063 1334 neque
1099 1219 1222 1334 integri.

229 1387 315 1456 Usus
346 1401 394 1453 est
418 1389 453 1454 in
483 1389 521 1452 iis
534 1364 814 1475 -plrilosopborum
848 1411 954 1472 more,
986 1411 1053 1456 non
1075 1399 1220 1453 veterum

129 1549 132 1556 ·
229 1529 373 1604 diorum,
401 1547 518 1613 nempe
544 1526 795 1606 Socraticorum,
822 1538 852 1590 et
872 1527 927 1612 qui
948 1548 967 1590 a
989 1517 1134 1592 Platone
1141 1545 1221 1610 pro-

228 1661 304 1727 fecti
342 1673 416 1726 sunt
453 1660 722 1728 Academicorum
760 1678 806 1730 et-
826 1655 1134 1756 Peripateticorum,
1168 1661 1243 1727 sed.

231 1822 360 1880 eorum,
385 1801 440 1886 qui
466 1804 553 1885 quasi
573 1803 714 1870 officinas
741 1804 1154 1893 instruxerunt·sapientiac
1174 1804 1219 1886 ³)=

197 2023 200 2030 γ
232 1960 311 2024 quac
336 1939 413 2004 -fuse
447 1941 523 2004 olim
554 1941 795 2030 disputabantur
824 1948 1022 2016 avctoribua
1050 1947 1108 2012 illis
1128 1967 1164 2008 ac
1184 1907 1220 2008 li·
1246 1925 1254 1944 ¹

230 2075 322 2156 bere,
350 2099 386 2140 ea
409 2075 572 2140 Ciceronis
594 2083 790 2168 temporibus
813 2108 831 2150 a
860 2087 970 2154 Stoicis
991 2088 1138 2174 inprimis
1159 2083 1219 2150 ¹or-

231 2215 385 2278 ticulatim
406 2214 613 2306 distincteque
643 2226 844 2292 dicebantur:
876 2227 930 2312 qui
960 2219 1104 2311 quidem,
1134 2228 1220 2292 satis-

212 2347 303 2416 <fieri
333 2351 408 2416 buic
441 2354 481 2417 de
503 2358 624 2446 legibus
651 2367 721 2430 loco
748 2389 815 2431 non
846 2385 956 2452 posse,
987 2365 1219 2444 contendebant,

153 2525 155 2530 =
232 2490 293 2554 nisi
314 2483 483 2576 sepaiaum
513 2496 575 2561 hoc
604 2500 724 2586 ipsum,
753 2519 883 2570 naturae
904 2528 971 2568 esse
991 2506 1058 2588 jus,
1083 2499 1218 2590 disputa-

230 2642 321 2693 retur
337 2632 381 2714 ⁴).
435 2635 552 2732 Totam
588 2638 732 2705 universi
762 2644 840 2728 juris
875 2666 911 2708 ac
942 2645 1050 2730 legum
1084 2661 1217 2704 caussam

229 2767 274 2832 ita
301 2774 470 2857 complecti
495 2772 647 2856 insisituit,
672 2793 710 2844 ut
731 2780 796 2844 hoc'
814 2783 921 2862 civile,
943 2782 1028 2868 quod
1056 2781 1217 2858 dicebatur,

230 2907 266 2969 in
286 2929 426 2994 parvum
452 2913 609 2997 quendam
636 2928 668 2980 et
694 2932 865 3004 angustum
883 2923 990 2988 locum
1019 2925 1217 2990 concludere-
1270 2911 1272 3026 Ι

230 3057 294 3119 tur.
334 3049 422 3112 Nam
443 3073 549 3138 primo
572 3066 719 3122 naturam
740 3060 819 3142 juris
841 3061 1008 3146 explicuit,
1033 3081 1163 3148 eamque
1183 3059 1216 3124 ab
1270 3027 1272 3140 i

199 3325 713 3436 vOCicdoLegg01,fi.II,'10·
1095 3329 1272 3428 '·i

237 3474 281 3543 ;2)
297 3475 338 3528 Cf.
362 3476 478 3544 praefat·
502 3477 595 3531 Rathii
619 3480 654 3532 ad
681 3479 733 3532 hos
759 3481 846 3537 libros
872 3495 899 3536 et
924 3482 1087 3550 Goerenzii,
1104 3485 1139 3537 V.
1158 3481 1220 3544 eet,
1271 3473 1272 3484 ¹

238 3623 242 3631 ,
269 3594 272 3600 ⁴
301 3575 403 3628 Introd.
432 3592 459 3642 p·
471 3575 568 3628 XXIII
583 3593 623 3645 sq.
848 3589 851 3594 “
925 3597 928 3602 ·

245 3654 1221 3763 ὢῶωψὼωώὼλωωαωωω,

257 3802 262 3816 ‘
303 3790 338 3840 V.
357 3788 388 3843 C.
406 3794 435 3841 in
453 3807 523 3844 vers.

250 3909 282 3974 lt)
299 3907 355 3963 Cio.
373 3909 392 3961 1.
410 3927 433 3964 c.
457 3917 574 3978 cap-13.
