2594 4546
678 255 733 333 76

208 459 331 549 posuit,
367 456 412 520 iia
447 452 588 522 futuram
619 451 750 538 piorum
783 453 997 520 conditionem
1025 453 1206 543 deseripda,

209 613 246 666 ut
262 598 455 666 inhumanus
475 605 508 662 ei
535 596 629 683 plane
648 593 771 660 femena
792 597 849 676 ait,
878 596 934 681 qui
952 595 1047 662 libelli
1067 577 1205 662 lectione

210 763 277 810 non
296 738 408 805 melior
426 735 499 818 fiat,
517 757 595 816 nec,
616 736 731 824 aprelis
750 737 886 802 tenena
909 748 940 801 et
959 735 1125 826 fragilibus
1148 761 1206 804 re-

208 881 286 962 bus,
313 879 455 946 caelestia
475 891 518 954 et,
529 877 637 945 divina
656 879 894 944 consectetm·.”2
910 917 914 928 ι
929 879 1069 947 Platonis
1092 888 1208 946 aucto-

208 1025 336 1092 ritatem
357 1023 392 1086 in
417 1019 694 1107 iia'poiiaaimum,
720 1041 800 1106 quae
823 1019 864 1083 ad
891 1032 1023 1086 natiuae
1046 1021 1208 1108 cognitio-

211 1187 288 1231 nem
316 1160 496 1250 (physice)
532 1159 628 1226 etad
657 1161 840 1226 animorum
873 1157 1147 1228 immontaliiaiem
1165 1163 1208 1243 3)

210 1314 370 1395 spectaui,
389 1301 542 1391 probavit·
557 1301 600 1384 ²).
613 1335 652 1372 z·-
671 1301 725 1366 Ex
743 1302 923 1366 Stoicorum
943 1303 1116 1392 disciplina¹
1127 1327 1209 1394 per-

211 1435 312 1519 multa
336 1443 461 1509 ‹leeaeia
487 1463 544 1506 aua
569 1439 659 1522 secli,
691 1442 838 1527 inprimis
864 1443 899 1508 in
925 1445 978 1524 iia,
1009 1465 1089 1530 quae
1108 1463 1208 1532 prae-

213 1588 296 1654 clare
315 1584 354 1650 ab
375 1582 434 1664 illio
454 1581 573 1668 scripta
593 1594 685 1679 erant
701 1580 742 1646 de
761 1584 875 1648 morali
896 1583 1047 1668 doctrina,
1069 1583 1110 1649 de
1126 1585 1206 1671 legia

110 1786 113 1794 .
211 1740 342 1807 natura,
381 1723 421 1788 de
451 1720 678 1789 conformanda
706 1723 876 1811 republica.
934 1725 1064 1792 Etenim
1091 1726 1209 1792 Cicero

213 1869 394 1936 Stoicorum
431 1861 664 1952 philosophiam
705 1867 874 1948 moralem,
907 1887 987 1951 quae
1027 1867 1205 1932 seeundum

213 2007 404 2098 platonicam
442 2006 709 2092 praestantissima
751 2007 828 2090 jure·
864 2009 989 2075 censeri
1026 1970 1136 2089 debei,
1175 2019 1208 2074 et

214 2172 294 2237 quae
328 2149 363 2214 in
398 2147 449 2212 illa
485 2167 652 2232 expressae
687 2160 778 2212 erant
814 2150 983 2213 sententias
1029 2147 1209 2212 excelsissi-

214 2311 283 2360 mas
305 2287 574 2396 noliilissimaaque
600 2287 684 2352 inier
712 2287 796 2352 aives
824 2312 897 2352 auos
922 2289 1086 2376 divulgare
1111 2299 1208 2375 atque

212 2452 391 2521 propagare
410 2426 523 2543 studet.
571 2427 640 2493 Elei
660 2427 744 2492 haud
770 2450 843 2493 raro
865 2430 1045 2496 Stoicorum
1064 2429 1210 2518 philoso-

214 2574 324 2661 phiam
343 2568 747 2654 vel1ementeragg1editur
763 2581 856 2655 atque
874 2545 1078 2658 persningim
1096 2559 1208 2636 tamen

215 2715 347 2780 omnino
369 2713 408 2778 de
426 2713 479 2778 illa
499 2706 667 2796 magnifiee
686 2710 782 2774 sentit
794 2711 836 2794 ³),
855 2722 887 2775 ei
905 2733 972 2776 non
990 2725 1057 2778 tam
1077 2714 1206 2778 illorum
1254 2713 1256 2716 ’

231 2989 264 3058 1)
280 2989 316 3042 V·
338 2985 532 3055 Wytienbach.
550 2984 573 3038 l.
590 3001 614 3038 c.
636 2999 664 3051 p·
675 2989 712 3045 79
726 3001 766 3052 aq.

231 3087 262 3157 2)
280 3084 322 3140 ei.
339 3087 422 3139 Tuae.
446 3081 501 3154 Qu·
518 3086 545 3147 Ι,
561 3091 604 3142 21·

231 3183 322 3255 3)‘Cl.
341 3179 433 3237 Divin'.
447 3183 487 3246 11,
503 3185 548 3240 37.
583 3179 651 3232 Cum
668 3177 768 3246 quibua
786 3177 909 3244 (Stoicis)
935 3185 1026 3234 omnis
1049 3164 1204 3236 lere'uobia
1234 3201 1241 3210 ·

283 3285 431 3352 disputatio
458 3283 649 3345 contentioque
674 3291 729 3344 eat,
754 3293 811 3330 non
836 3277 910 3346 quod
935 3295 982 3332 eoa
1003 3284 1121 3336 maxime
1139 3295 1204 3332 oon·

282 3393 447 3440 temnamum
474 3377 521 3430 aed
546 3375 619 3444 qnod
641 3375 768 3427 videntur
793 3379 947 3428 acutissime
972 3373 1119 3430 sententiaa
1143 3393 1207 3429 suaa

284 3480 549 3548 prudentissimeque
574 3471 728 3526 defendere.
746 3498 782 3514 -
808 3473 891 3528 Tuae.
915 3471 969 3540 Qu·
985 3475 1034 3540 IV,
1050 3482 1094 3534 24.
1113 3499 1150 3518 ι-
1174 3475 1208 3530 Iu

285 3582 408 3630 aratione
426 3573 538 3645 quidem
560 3589 612 3642 pro
634 3574 764 3625 Muraena
788 3577 901 3625 stoicam
921 3570 1093 3640 disciplinam
1113 3563 1207 3626 ridea-

284 3675 345 3728 dam
371 3677 540 3744 propinavit;
573 3671 621 3724 aed
644 3675 705 3740 ipse
730 3673 790 3726 an.
806 3674 855 3726 IV.
871 3677 914 3733 29.
945 3671 1060 3734 latetur,
1089 3685 1118 3722 aa
1147 3682 1207 3722 aum

284 3777 417 3840 jocatum,
435 3785 461 3826 et
478 3772 550 3841 apud
568 3775 709 3837 imperitos
734 3773 781 3824 illa
799 3769 870 3823 dicia
888 3786 961 3834 ease,
988 3781 1014 3822 et
1032 3769 1064 3820 ad
1083 3783 1206 3819 eataaaam

212 3881 221 3898 ”
284 3888 363 3924 enam
395 3869 591 3925 defendendam
622 3869 727 3936 aliquid
758 3883 874 3919 coronae
905 3865 1006 3918 datum.
1022 3887 1057 3904 -
1084 3859 1207 3916 Omnino

284 3968 419 4024 hocloco
438 3973 575 4026 cautiones
598 3966 744 4037 quaedam,
767 3983 836 4038 quae
854 3963 885 4022 in
902 3965 1041 4022 Cicaionie
1063 3965 1207 4018 senzannia

1047 4151 1064 4217 l
