2558 4548
654 241 708 318 3'6

647 439 719 504 111.

203 619 206 624 ·
248 587 385 653 Annum
407 580 475 647 fere
499 599 595 666 agens
613 579 909 665 undevigesimum,
938 599 1026 642 ¹curnr
1034 577 1186 664 princeps

63 706 71 728 ²
185 725 381 795 Academiae
403 719 495 784 Philo
530 738 604 780 eum
625 715 874 782 Atheniensium
898 715 1103 804 optimatibus
1125 715 1191 778 mi-

189 863 358 956 thridatico
396 857 477 920 bello
518 855 614 920 domo
646 855 862 942 profugisset,
896 857 1097 938 Romamque
1130 875 1192 916 ve·

126 1065 128 1072 ,
184 991 313 1085 nisset,
339 1009 443 1098 totum
481 1019 514 1059 se
544 999 572 1062 ei
603 995 750 1074 tradidit,
779 991 953 1058 admirabili
986 992 1121 1077 quodam
1153 992 1191 1056 sd
1265 1051 1266 1054 ,

125 1159 127 1167 ·
189 1135 426 1226 philosophiam
468 1135 572 1201 studio
609 1135 800 1200 concitatus:
837 1131 872 1193 in
908 1150 969 1214 qua
1000 1131 1062 1194 hoc
1096 1132 1194 1196 etiam

73 1283 80 1293 '
194 1273 450 1344 commorabatur
483 1275 648 1354 attentius,
686 1270 790 1359 quod,
824 1269 881 1334 eui
913 1293 1022 1336 rerum
1049 1273 1220 1360 ipsarum·

195 1414 332 1478 varietas
363 1421 395 1473 et
416 1411 602 1496 magnitudo
629 1433 756 1474 summa
787 1431 863 1474 eum
895 1408 1097 1477 delectatione
1118 1414 1197 1478 reti-

196 1553 314 1646 nebat,
344 1563 453 1614 tamen
483 1547 603 1611 sublata
632 1549 698 1630 jam
731 1567 801 1610 esse
833 1549 866 1611 in
893 1560 1085 1633 perpetuum
1116 1550 1198 1614 ratio

150 1680 152 1686 ¹
198 1689 388 1775 judiciorum
415 1649 584 1750 videbatur
608 1688 649 1770 ⁶).
689 1687 812 1752 Eodem
841 1707 926 1756 euno
948 1685 1051 1748 ‘etiarn
1071 1688 1199 1752 Moloni

203 1826 331 1894 Rhodio
358 1824 481 1892 Romae
503 1824 589 1891 dedit
619 1847 767 1910 operam,
789 1837 821 1890 et
841 1825 939 1888 actori
961 1847 1087 1888 summo
1106 1848 1200 1888 caus-

206 1991 311 2032 sarum
341 1979 370 2030 et
398 1967 549 2052 magistro
568 1964 610 2047 7).
650 1966 741 2031 Philo
774 1977 880 2028 autem
907 1985 1022 2067 rerum
1052 1963 1201 2027 Ciceroni

209 2117 242 2170 et
262 2103 480 2195 philosophiae
506 2101 637 2164 omnino
660 2125 819 2184 amorem,
841 2125 935 2188 quern
965 2113 1074 2189 postea
1095 2100 1205 2166 divina

207 2239 347 2338 Platonis
376 2205 491 2324 scripta
519 2238 652 2306 mirifice
682 2253 842 2306 auxerunt
868 2253 962 2326 atque
982 2243 1144 2320 aluerunt,
1173 2251 1206 2306 et

211 2377 357 2463 inprimis
377 2377 693 2445 vehementissimum
713 2381 904 2450 Academiae
923 2378 1044 2444 mediae
1063 2377 1207 2446 studium

214 2511 384 2596 inspirasse
426 2512 561 2579 videtur.
610 2517 701 2580 Haeo
736 2531 844 2584 autem
875 2519 1074 2608 philosophia
1113 2519 1208 2584 Cice-

214 2655 288 2719 roni
336 2655 516 2720 maximum
555 2659 870 2748 promtissimumque
913 2662 1041 2749 paravit
1082 2661 1207 2727 dicendi

217 2792 419 2877 praesidium.
460 2795 548 2860 Hinc
577 2809 638 2878 est,
667 2797 752 2884 quod
784 2799 953 2884 glorietur,
985 2821 1018 2861 se
1047 2811 1209 2863 oratorem
1275 2875 1276 2902 ἢ

221 2953 289 2994 non
313 2953 354 2994 ex
374 2931 539 2997 rhetorum
566 2933 714 3015 officinis,
742 2936 797 2999 sed
824 2958 865 2998 ex
892 2934 1211 3030 Academiaexspatiis
1275 2963 1276 2966 ¹

224 3071 363 3136 extitisse
382 3069 423 3153 ⁸).
464 3071 541 3154 Ejus
572 3073 744 3153 orationes,
775 3073 896 3136 etiamsi
915 3073 1037 3136 nullum
1067 3072 1213 3162 philoso-

225 3267 659 3281 m

244 3394 275 3463 6)
292 3395 347 3449 Cio.
363 3389 448 3448 Brut)
462 3413 484 3448 c.
498 3399 541 3456 89.
559 3396 632 3449 Plut·
648 3399 706 3449 Vit.
724 3395 863 3449 Ciceronis
887 3411 910 3448 c.
923 3395 971 3448 111.

245 3513 276 3580 7)
295 3512 348 3565 Cio.
366 3512 442 3566 Brut·
466 3529 488 3566 e.
502 3517 545 3574 89.
562 3525 588 3566 et
604 3521 647 3574 99.

246 3631 478 3704 8)0rat.'c.111.
508 3638 544 3690 cs·
569 3640 682 3691 Tuscul.
705 3641 879 3707 Disp.11‚3.
908 3641 944 3692 V.
963 3637 1077 3706 Quintil.
1098 3639 1164 3692 ΧΠ.
1190 3648 1216 3700 2.

299 3741 341 3794 25·
366 3748 392 3787 at
417 3736 512 3789 Cicero
539 3743 639 3804 passim
662 3743 692 3790 in
714 3737 800 3789 Bruto
827 3750 854 3788 et
876 3741 905 3790 in
928 3742 1166 3806 praestantissimis
1186 3739 1218 3790 de

299 3827 415 3884 Oratore
437 3833 522 3888 libris·
557 3832 635 3906 Adde
661 3835 781 3902 ejusdem
798 3835 892 3889 Parad·
916 3853 1038 3906 prooem·
1056 3837 1134 3889 etde
1152 3839 1219 3891 Fato
1275 3895 1276 3902 ἵ

300 3944 325 3987 o.
339 3929 374 3982 Π.
399 3927 448 3982 uhi
471 3929 506 3987 cf.
524 3930 617 3986 Bremi
640 3939 750 4002 p·9sq·
852 3995 853 3998 Ἴ
